@ARTICLE{7827078,
	author={G. {Salvaneschi} and S. {Proksch} and S. {Amann} and S. {Nadi} and M. {Mezini}},
	journal={IEEE Transactions on Software Engineering},
	title={On the Positive Effect of Reactive Programming on Software Comprehension: An Empirical Study},
	year={2017},
	volume={43},
	number={12},
	pages={1125-1143},
	keywords={functional languages;object-oriented languages;object-oriented programming;object-oriented languages;software comprehension;functional languages;observer design pattern;program comprehension;reactive languages;reactive programming;Programming;Runtime;Software development;Robot sensing systems;Reactive programming;empirical study;controlled experiment;software comprehension},
	doi={10.1109/TSE.2017.2655524},
	ISSN={},
	month={Dec},}

@book{gamma1995design,
	title={Design patterns: elements of reusable object-oriented software},
	author={Erich {Gamma},
		Richard {Helm},
		Ralph {Johnson} and
		John {Vlissides}},
	year={1995},
	publisher={Pearson Education India}
}

@article{kapferer:2019:empirical,
	author={S. Kapferer},
	title={Empirical Research in Software Engineering},
	year={2019},
	keywords={Empirical Research Strategies;Software Engineering;Surveys;Case Studies;Experiments},
}

@article{balestra:2019:designscience:articactandcontext,
	author={S. Balestra},
	title={Design Science Methodology according to Roel J. Wieringa: A summary and application to a software project},
	year={2019},
	pages={2-3},
}

@ARTICLE{2019arXiv190805986H,
	author = {{Hasselbring}, Wilhelm and {Carr}, Leslie and {Hettrick}, Simon and
		{Packer}, Heather and {Tiropanis}, Thanassis},
	title = "{FAIR and Open Computer Science Research Software}",
	journal = {arXiv e-prints},
	keywords = {Computer Science - Software Engineering},
	year = "2019",
	month = "Aug",
	eid = {arXiv:1908.05986},
	pages = {arXiv:1908.05986},
	archivePrefix = {arXiv},
	eprint = {1908.05986},
	primaryClass = {cs.SE},
	adsurl = {https://ui.adsabs.harvard.edu/abs/2019arXiv190805986H},
	adsnote = {Provided by the SAO/NASA Astrophysics Data System}
}

@article{wilkinson:2016,
	author={{Wilkinson}, M. D. et al.},
	title="{The FAIR Guiding Principles for scientific data management and stewardship}",
	journal={Scientific Data},
	doi={10.1038/sdata.2016.18},
	volume={3},
	year={2016},
	month={03},
	date={15},
}

@ARTICLE{159342,
	author={},
	journal={IEEE Std 610.12-1990},
	title={IEEE Standard Glossary of Software Engineering Terminology},
	year={1990},
	volume={},
	number={},
	pages={1-84},
	keywords={glossaries;software engineering;standards;IEEE Std 610.12-1990;standard glossary;software engineering terminology;Terminology;Software engineering;Standards;glossary;terminology;dictionary;Software engineering;Definitions},
	doi={10.1109/IEEESTD.1990.101064},
	ISSN={},
	month={Dec},}

@INPROCEEDINGS{8051350,
	author={R. {Mohanani} and P. {Ram} and A. {Lasisi} and P. {Ralph} and B. {Turhan}},
	booktitle={2017 43rd Euromicro Conference on Software Engineering and Advanced Applications (SEAA)},
	title={Perceptions of Creativity in Software Engineering Research and Practice},
	year={2017},
	volume={},
	number={},
	pages={210-217},
	keywords={software engineering;software engineering research;requirements engineering;knowledge transfer;systematic mapping study;SE research literature;semi-structured interviews;evidence-based techniques;Creativity;Interviews;Software engineering;Systematics;Software;Communications technology;Visualization;creativity;interviews;systematic mapping;software engineering},
	doi={10.1109/SEAA.2017.21},
	ISSN={},
	month={Aug},}

@book{deming,
	title={Out of the Crisis},
	author={Deming, W.E.},
	isbn={9780262541152},
	lccn={2001268898},
	series={MIT Press},
	year={2000},
	publisher={Massachusetts Institute of Technology, Center for Advanced Engineering Study}
}

@book{wieringa,
	title={Design Science Methodology for Information Systems and Software Engineering},
	author={Roel J. Wieringa},
	year={2014},
	doi={10.1007/978-3-662-43839-8},
	publisher={Springer, Berlin, Heidelberg},
	isbn={978-3-662-43839-8},
}

@ARTICLE{8354906,
	author={A. {Margara} and G. {Salvaneschi}},
	journal={IEEE Transactions on Software Engineering},
	title={On the Semantics of Distributed Reactive Programming: The Cost of Consistency},
	year={2018},
	volume={44},
	number={7},
	pages={689-711},
	keywords={middleware;synchronization costs;distributed reactive programming demands;foundational approach;value updates;distributed reactive programming middleware;flexible consistency guarantees;reactive programming paradigm;reactive systems;time-changing values;distributed settings;Programming;Semantics;Artificial intelligence;Runtime;Middleware;Games;Computational modeling;Distributed reactive programming;consistency guarantees;reactive programming middleware;DREAM},
	doi={10.1109/TSE.2018.2833109},
	ISSN={},
	month={July},}

@inproceedings{Salvaneschi:2014:ESP:2635868.2635895,
	author = {Salvaneschi, Guido and Amann, Sven and Proksch, Sebastian and Mezini, Mira},
	title = {An Empirical Study on Program Comprehension with Reactive Programming},
	booktitle = {Proceedings of the 22Nd ACM SIGSOFT International Symposium on Foundations of Software Engineering},
	series = {FSE 2014},
	year = {2014},
	isbn = {978-1-4503-3056-5},
	location = {Hong Kong, China},
	pages = {564--575},
	numpages = {12},
	url = {http://doi.acm.org/10.1145/2635868.2635895},
	doi = {10.1145/2635868.2635895},
	acmid = {2635895},
	publisher = {ACM},
	address = {New York, NY, USA},
	keywords = {Controlled Experiment, Empirical Study, Reactive Programming},
}

@inproceedings{DiPenta,
	author = {Di Penta, Massimiliano and Stirewalt, R.E.K. and Kraemer, Eileen},
	year = {2007},
	month = {07},
	pages = {281 - 285},
	title = {Designing your Next Empirical Study on Program Comprehension},
	isbn = {0-7695-2860-0},
	journal = {IEEE International Conference on Program Comprehension},
	doi = {10.1109/ICPC.2007.17}
}
